<?xml version="1.0" encoding="UTF-8"?><collection xmlns="http://www.loc.gov/MARC21/slim"><record><leader>00479nam--2200145-i-4500</leader><controlfield tag="001">000010635</controlfield><controlfield tag="002">20161230</controlfield><controlfield tag="005">20161230201028</controlfield><controlfield tag="008">060222s1000------------r-----000-0-eng-d</controlfield><datafield ind1=" " ind2=" " tag="080"><subfield code="a">518.5:519.283</subfield></datafield><datafield ind1=" " ind2=" " tag="100"><subfield code="a">Boudarel, R., Dselmas, J., Guichet, P</subfield></datafield><datafield ind1=" " ind2=" " tag="245"><subfield code="a">Dynamic programming and its application to op timal control. translated by r.n.mc donough</subfield></datafield><datafield ind1=" " ind2=" " tag="260"><subfield code="a">New York, Academic Press, 1971 Xiv + 252 P</subfield></datafield><datafield ind1=" " ind2=" " tag="490"><subfield code="a">Mathematics In Science And Engineering, 81</subfield></datafield><datafield ind1=" " ind2=" " tag="852"><subfield code="a">17315</subfield></datafield></record></collection>